@preamble{ "\newcommand{\noopsort}[1]{} "
	# "\newcommand{\printfirst}[2]{#1} "
	# "\newcommand{\singleletter}[1]{#1} "
	# "\newcommand{\switchargs}[2]{#2#1} " }
	
@inproceedings{gdk,
  title={Skill Discovery in Continuous Reinforcement Learning Domains using Skill Chaining.},
  author={Konidaris, George and Barto, Andrew G},
  booktitle={Advances in Neural Information Processing Systems 22},
  pages={1015--1023},
  year={2009}
}

@book{put,
  title={Markov Decision Processes: Discrete Stochastic Dynamic Programming},
  author={Puterman, Martin L},
  volume={414},
  year={2009},
  publisher={John Wiley \& Sons}
}

@article{rlglue,
	Author = {Brian Tanner and Adam White},
	Date-Added = {2009-05-06 22:44:59 -0600},
	Date-Modified = {2009-10-06 13:44:04 -0600},
	Journal = {Journal of Machine Learning Research},
	Month = {September},
	Pages = {2133--2136},
	Title = {{RL}-{G}lue : Language-Independent Software for Reinforcement-Learning Experiments},
	Volume = {10},
	Year = {2009}}

@book{rlai,
  title={Reinforcement learning: An introduction},
  author={Sutton, Richard S and Barto, Andrew G},
  year={1998},
  publisher={MIT press}
}

@book{rlsa,
 author = {Now\'{e}, A. and Vrancx, P. and De Hauwere, Y-M.},
 title = {Reinforcement Learning: State-of-the-Art},
 publisher = {Springer},
 year = {2012}
}

@inproceedings{lstd,
  title={Least-squares temporal difference learning},
  author={Boyan, Justin A},
  booktitle={Proceedings of the 16th International Conference on Machine Learning},
  pages={49--56},
  year={1999},
  organization={Citeseer}
}

@article{b57,
  title={E. 1957. Dynamic Programming},
  author={Bellman, Richard},
  journal={Princeton UniversityPress. BellmanDynamic programming1957},
  year={1957},
  key = "bellman57"
}

@incollection{fqi,
  title={Neural fitted {Q}-iteration--first experiences with a data efficient neural reinforcement learning method},
  author={Riedmiller, Martin},
  booktitle={Machine Learning: ECML 2005},
  pages={317--328},
  year={2005},
  publisher={Springer}
}

@book{sarsa,
  title={On-line Q-learning using connectionist systems},
  author={Rummery, Gavin A and Niranjan, Mahesan},
  year={1994},
  publisher={University of Cambridge, Department of Engineering},
  key = "sarsa"
}

@article{kbrl,
  title={Kernel-based reinforcement learning},
  author={Ormoneit, Dirk and Sen, {\'S}aunak},
  journal={Machine learning},
  volume={49},
  number={2-3},
  pages={161--178},
  year={2002},
  publisher={Springer},
  key = "kbrl"
}

@article{kbrl2,
  title={Kernel-based reinforcement learning in average-cost problems},
  author={Ormoneit, Dirk and Glynn, Peter},
  journal={Automatic Control, IEEE Transactions on},
  volume={47},
  number={10},
  pages={1624--1636},
  year={2002},
  publisher={IEEE}
}

@article{five,
  title={Generalization in reinforcement learning: Safely approximating the value function},
  author={Boyan, Justin and Moore, Andrew W},
  journal={Advances in Neural Information Processing Systems 7},
  pages={369--376},
  year={1995},
  publisher={Morgan Kaufmann Publishers}
}

@article{three,
  title={Feature-based methods for large scale dynamic programming},
  author={Tsitsiklis, John N and Van Roy, Benjamin},
  journal={Machine Learning},
  volume={22},
  number={1-3},
  pages={59--94},
  year={1996},
  publisher={Springer}
}


@inproceedings{kbsf,
  title={Reinforcement Learning using Kernel-Based Stochastic Factorization.},
  author={Barreto, Andr{\'e} da Motta Salles and Precup, Doina and Pineau, Joelle},
  booktitle={Advances in Neural Information Processing Systems 24},
  pages={720--728},
  year={2011},
  key = "kbsf"
}

@inproceedings{ikbsf,
  title={On-line Reinforcement Learning Using Incremental Kernel-Based Stochastic Factorization.},
  author={Barreto, Andr{\'e} da Motta Salles and Precup, Doina and Pineau, Joelle},
  booktitle={Advances in Neural Information Processing Systems 25},
  pages={1493--1501},
  year={2012},
  key = "ikbsf"
}

@TECHREPORT{pkbrl,
  author={Barreto, Andr{\'e} MS and Precup, Doina and Pineau, Joelle},
  title={Practical Kernel-Based Reinforcement Learning},
  INSTITUTION =   {Laboratório Nacional de Computação Científica},
  MONTH =         {May},
  year={2014},
  url  =         {http://www.lncc.br/~amsb/files/barreto2013practical.pdf},
}

@inproceedings{lietal,
  title={Towards a Unified Theory of State Abstraction for {MDP}s.},
  author={Li, Lihong and Walsh, Thomas J and Littman, Michael L},
  booktitle={ISAIM},
  year={2006},
  key = "lietal"
}

@inproceedings{jenkins,
  title={A spatio-temporal extension to {ISOMAP} nonlinear dimension reduction},
  author={Jenkins, Odest Chadwicke and Matari{\'c}, Maja J},
  booktitle={Proceedings of the 21st International Conference on Machine Learning},
  pages={56},
  year={2004},
  organization={ACM},
  key = "jenkins"
}

@article{tenen,
  title={A global geometric framework for nonlinear dimensionality reduction},
  author={Tenenbaum, Joshua B and De Silva, Vin and Langford, John C},
  journal={Science},
  volume={290},
  number={5500},
  pages={2319--2323},
  year={2000},
  publisher={American Association for the Advancement of Science},
  key = "tenen"
}

@article{mds,
  title={Multidimensional scaling by optimizing goodness of fit to a nonmetric hypothesis},
  author={Kruskal, Joseph B},
  journal={Psychometrika},
  volume={29},
  number={1},
  pages={1--27},
  year={1964},
  publisher={Springer},
  key = "mds"
}

@inproceedings{bowling,
  title={Action respecting embedding},
  author={Bowling, Michael and Ghodsi, Ali and Wilkinson, Dana},
  booktitle={Proceedings of the 22nd International Conference on Machine Learning},
  pages={65--72},
  year={2005},
  organization={ACM},
  key = "bowling"
}

@inproceedings{parr,
  title={Analyzing feature generation for value-function approximation},
  author={Parr, Ronald and Painter-Wakefield, Christopher and Li, Lihong and Littman, Michael},
  booktitle={Proceedings of the 24th International Conference on Machine Learning},
  pages={737--744},
  year={2007},
  organization={ACM},
  key = "parr"
}

@article{pvf,
  title={Proto-value Functions: A {L}aplacian Framework for Learning Representation and Control in {M}arkov Decision Processes.},
  author={Mahadevan, Sridhar and Maggioni, Mauro},
  journal={Journal of Machine Learning Research},
  volume={8},
  number={10},
  year={2007},
}

@incollection{incsfa,
  title={Low complexity proto-value function learning from sensory observations with incremental slow feature analysis},
  author={Luciw, Matthew and Schmidhuber, Juergen},
  booktitle={Artificial Neural Networks and Machine Learning--ICANN 2012},
  pages={279--287},
  year={2012},
  publisher={Springer},
  key = "incsfa"
}

@inproceedings{sprague,
  title={Predictive Projections.},
  author={Sprague, Nathan},
  booktitle={IJCAI},
  pages={1223--1229},
  year={2009},
  key = "sprague"
}

@article{kercar,
  title={Local regression: Automatic kernel carpentry},
  author={Hastie, Trevor and Loader, Clive},
  journal={Statistical Science},
  pages={120--143},
  year={1993},
  publisher={JSTOR},
  key = "kercar"
}
